<?xml version="1.0" encoding="UTF-8"?><collection xmlns="http://www.loc.gov/MARC21/slim"><record><leader>00504nam--2200193-i-4500</leader><controlfield tag="001">000039694</controlfield><controlfield tag="002">20161230</controlfield><controlfield tag="005">20161230201042</controlfield><controlfield tag="008">060222s1000------------r-----000-0-ger-d</controlfield><datafield ind1=" " ind2=" " tag="040"><subfield code="a">IFIN-HH</subfield></datafield><datafield ind1=" " ind2=" " tag="041"><subfield code="a">ger</subfield></datafield><datafield ind1=" " ind2=" " tag="080"><subfield code="a">535.33</subfield></datafield><datafield ind1="1" ind2=" " tag="100"><subfield code="a">Schron, W</subfield></datafield><datafield ind1="1" ind2="0" tag="245"><subfield code="a">Atom-spektralanalyse. mit 63 bildern</subfield><subfield code="c">W. schron; l. rost</subfield></datafield><datafield ind1=" " ind2=" " tag="260"><subfield code="a">Leipzig</subfield><subfield code="b">Veb Deutscher Verlag Fur Grundstoffindustrie</subfield><subfield code="c">1969</subfield></datafield><datafield ind1=" " ind2=" " tag="300"><subfield code="a">169P</subfield></datafield><datafield ind1="1" ind2=" " tag="700"><subfield code="a">Rost, L</subfield></datafield><datafield ind1=" " ind2=" " tag="852"><subfield code="a">31854</subfield><subfield code="c">535.33</subfield></datafield><datafield ind1=" " ind2=" " tag="CAT"><subfield code="a">Sys</subfield><subfield code="c">20101203</subfield><subfield code="h">123359</subfield></datafield></record></collection>